<record><recordSchema>MARC21-xml</recordSchema><recordPacking>xml</recordPacking><recordData><record xmlns="http://www.loc.gov/MARC21/slim" type="Bibliographic">
    <leader>00000naa a2200000uc 4500</leader>
    <controlfield tag="001">1237217881</controlfield>
    <controlfield tag="003">DE-101</controlfield>
    <controlfield tag="005">20210719180714.0</controlfield>
    <controlfield tag="007">cr||||||||||||</controlfield>
    <controlfield tag="008">210718s2021    gw |||||o|||| 00||||eng  </controlfield>
    <datafield tag="016" ind1="7" ind2=" ">
      <subfield code="2">DE-101</subfield>
      <subfield code="a">1237217881</subfield>
    </datafield>
    <datafield tag="024" ind1="7" ind2=" ">
      <subfield code="a">10.1002/nano.202100154</subfield>
      <subfield code="2">doi</subfield>
    </datafield>
    <datafield tag="024" ind1="7" ind2=" ">
      <subfield code="2">urn</subfield>
      <subfield code="a">urn:nbn:de:101:1-2021071815000941444491</subfield>
    </datafield>
    <datafield tag="024" ind1="8" ind2=" ">
      <subfield code="a">NANO202100154</subfield>
    </datafield>
    <datafield tag="035" ind1=" " ind2=" ">
      <subfield code="a">(DE-599)DNB1237217881</subfield>
    </datafield>
    <datafield tag="040" ind1=" " ind2=" ">
      <subfield code="a">1240</subfield>
      <subfield code="b">ger</subfield>
      <subfield code="c">DE-101</subfield>
      <subfield code="d">9999</subfield>
    </datafield>
    <datafield tag="041" ind1=" " ind2=" ">
      <subfield code="8">1\p</subfield>
      <subfield code="a">eng</subfield>
    </datafield>
    <datafield tag="044" ind1=" " ind2=" ">
      <subfield code="c">XA-DE</subfield>
    </datafield>
    <datafield tag="100" ind1="1" ind2=" ">
      <subfield code="8">2\p</subfield>
      <subfield code="a">Khalilian, Maryam</subfield>
      <subfield code="e">Verfasser</subfield>
      <subfield code="4">aut</subfield>
    </datafield>
    <datafield tag="245" ind1="1" ind2="0">
      <subfield code="a">Coherently strained and dislocation‐free architectured AlGaN/GaN submicron‐sized structures</subfield>
    </datafield>
    <datafield tag="300" ind1=" " ind2=" ">
      <subfield code="a">Online-Ressource</subfield>
    </datafield>
    <datafield tag="336" ind1=" " ind2=" ">
      <subfield code="a">Text</subfield>
      <subfield code="b">txt</subfield>
      <subfield code="2">rdacontent</subfield>
    </datafield>
    <datafield tag="337" ind1=" " ind2=" ">
      <subfield code="a">Computermedien</subfield>
      <subfield code="b">c</subfield>
      <subfield code="2">rdamedia</subfield>
    </datafield>
    <datafield tag="338" ind1=" " ind2=" ">
      <subfield code="a">Online-Ressource</subfield>
      <subfield code="b">cr</subfield>
      <subfield code="2">rdacarrier</subfield>
    </datafield>
    <datafield tag="506" ind1="0" ind2=" ">
      <subfield code="a">Open Access</subfield>
      <subfield code="f">Unrestricted online access</subfield>
      <subfield code="u">http://purl.org/coar/access_right/c_abf2</subfield>
      <subfield code="2">star</subfield>
    </datafield>
    <datafield tag="540" ind1=" " ind2=" ">
      <subfield code="f">cc-by-4.0</subfield>
      <subfield code="u">http://creativecommons.org/licenses/by/4.0/</subfield>
      <subfield code="2">cc</subfield>
    </datafield>
    <datafield tag="583" ind1="1" ind2=" ">
      <subfield code="a">Archivierung/Langzeitarchivierung gewährleistet</subfield>
      <subfield code="5">DE-101</subfield>
      <subfield code="2">pdager</subfield>
    </datafield>
    <datafield tag="653" ind1=" " ind2=" ">
      <subfield code="a">AlGaN</subfield>
    </datafield>
    <datafield tag="653" ind1=" " ind2=" ">
      <subfield code="a">dislocation‐free</subfield>
    </datafield>
    <datafield tag="653" ind1=" " ind2=" ">
      <subfield code="a">III‐nitride</subfield>
    </datafield>
    <datafield tag="653" ind1=" " ind2=" ">
      <subfield code="a">micro‐platelets</subfield>
    </datafield>
    <datafield tag="653" ind1=" " ind2=" ">
      <subfield code="a">optoelectronics</subfield>
    </datafield>
    <datafield tag="700" ind1="1" ind2=" ">
      <subfield code="8">3\p</subfield>
      <subfield code="a">Persson, Axel</subfield>
      <subfield code="e">Verfasser</subfield>
      <subfield code="4">aut</subfield>
    </datafield>
    <datafield tag="700" ind1="1" ind2=" ">
      <subfield code="8">4\p</subfield>
      <subfield code="a">Lindgren, David</subfield>
      <subfield code="e">Verfasser</subfield>
      <subfield code="4">aut</subfield>
    </datafield>
    <datafield tag="700" ind1="1" ind2=" ">
      <subfield code="8">5\p</subfield>
      <subfield code="a">Rosén, Martin</subfield>
      <subfield code="e">Verfasser</subfield>
      <subfield code="4">aut</subfield>
    </datafield>
    <datafield tag="700" ind1="1" ind2=" ">
      <subfield code="8">6\p</subfield>
      <subfield code="a">Lenrick, Filip</subfield>
      <subfield code="e">Verfasser</subfield>
      <subfield code="4">aut</subfield>
    </datafield>
    <datafield tag="700" ind1="1" ind2=" ">
      <subfield code="8">7\p</subfield>
      <subfield code="a">Colvin, Jovana</subfield>
      <subfield code="e">Verfasser</subfield>
      <subfield code="4">aut</subfield>
    </datafield>
    <datafield tag="700" ind1="1" ind2=" ">
      <subfield code="8">8\p</subfield>
      <subfield code="a">Ohlsson, B. Jonas</subfield>
      <subfield code="e">Verfasser</subfield>
      <subfield code="4">aut</subfield>
    </datafield>
    <datafield tag="700" ind1="1" ind2=" ">
      <subfield code="8">9\p</subfield>
      <subfield code="a">Timm, Rainer</subfield>
      <subfield code="e">Verfasser</subfield>
      <subfield code="4">aut</subfield>
    </datafield>
    <datafield tag="700" ind1="1" ind2=" ">
      <subfield code="8">10\p</subfield>
      <subfield code="a">Wallenberg, Reine</subfield>
      <subfield code="e">Verfasser</subfield>
      <subfield code="4">aut</subfield>
    </datafield>
    <datafield tag="700" ind1="1" ind2=" ">
      <subfield code="8">11\p</subfield>
      <subfield code="a">Samuelson, Lars</subfield>
      <subfield code="e">Verfasser</subfield>
      <subfield code="4">aut</subfield>
    </datafield>
    <datafield tag="700" ind1="1" ind2=" ">
      <subfield code="8">12\p</subfield>
      <subfield code="a">Gustafsson, Anders</subfield>
      <subfield code="e">Verfasser</subfield>
      <subfield code="4">aut</subfield>
    </datafield>
    <datafield tag="773" ind1="1" ind2="8">
      <subfield code="7">|||s</subfield>
      <subfield code="g">day:17</subfield>
      <subfield code="g">month:07</subfield>
      <subfield code="g">year:2021</subfield>
      <subfield code="g">extent:14</subfield>
    </datafield>
    <datafield tag="773" ind1="0" ind2="8">
      <subfield code="i">Enthalten in</subfield>
      <subfield code="t">Nano select</subfield>
      <subfield code="d">Weinheim, Germany : Wiley-VCH, [2020]-</subfield>
      <subfield code="h">Online-Ressource</subfield>
      <subfield code="g">(17.07.2021) (gesamt 14)</subfield>
      <subfield code="w">(DE-600)3042763-0</subfield>
      <subfield code="w">(DE-101)1220111597</subfield>
      <subfield code="x">2688-4011</subfield>
    </datafield>
    <datafield tag="850" ind1=" " ind2=" ">
      <subfield code="a">DE-101a</subfield>
      <subfield code="a">DE-101b</subfield>
    </datafield>
    <datafield tag="856" ind1="4" ind2="0">
      <subfield code="u">https://doi.org/10.1002/nano.202100154</subfield>
      <subfield code="x">Resolving-System</subfield>
    </datafield>
    <datafield tag="856" ind1="4" ind2="0">
      <subfield code="u">https://nbn-resolving.org/urn:nbn:de:101:1-2021071815000941444491</subfield>
      <subfield code="x">Resolving-System</subfield>
    </datafield>
    <datafield tag="856" ind1=" " ind2="0">
      <subfield code="u">https://d-nb.info/1237217881/34</subfield>
      <subfield code="x">Langzeitarchivierung Nationalbibliothek</subfield>
    </datafield>
    <datafield tag="856" ind1="4" ind2=" ">
      <subfield code="q">application/pdf</subfield>
      <subfield code="u">https://doi.org/10.1002/nano.202100154</subfield>
    </datafield>
    <datafield tag="883" ind1="1" ind2=" ">
      <subfield code="8">1\p</subfield>
      <subfield code="a">npi</subfield>
      <subfield code="d">20210718</subfield>
      <subfield code="q">DE-101</subfield>
      <subfield code="u">https://d-nb.info/provenance/plan#npi</subfield>
    </datafield>
    <datafield tag="883" ind1="1" ind2=" ">
      <subfield code="8">2\p</subfield>
      <subfield code="a">npi</subfield>
      <subfield code="d">20210718</subfield>
      <subfield code="q">DE-101</subfield>
      <subfield code="u">https://d-nb.info/provenance/plan#npi</subfield>
    </datafield>
    <datafield tag="883" ind1="1" ind2=" ">
      <subfield code="8">3\p</subfield>
      <subfield code="a">npi</subfield>
      <subfield code="d">20210718</subfield>
      <subfield code="q">DE-101</subfield>
      <subfield code="u">https://d-nb.info/provenance/plan#npi</subfield>
    </datafield>
    <datafield tag="883" ind1="1" ind2=" ">
      <subfield code="8">4\p</subfield>
      <subfield code="a">npi</subfield>
      <subfield code="d">20210718</subfield>
      <subfield code="q">DE-101</subfield>
      <subfield code="u">https://d-nb.info/provenance/plan#npi</subfield>
    </datafield>
    <datafield tag="883" ind1="1" ind2=" ">
      <subfield code="8">5\p</subfield>
      <subfield code="a">npi</subfield>
      <subfield code="d">20210718</subfield>
      <subfield code="q">DE-101</subfield>
      <subfield code="u">https://d-nb.info/provenance/plan#npi</subfield>
    </datafield>
    <datafield tag="883" ind1="1" ind2=" ">
      <subfield code="8">6\p</subfield>
      <subfield code="a">npi</subfield>
      <subfield code="d">20210718</subfield>
      <subfield code="q">DE-101</subfield>
      <subfield code="u">https://d-nb.info/provenance/plan#npi</subfield>
    </datafield>
    <datafield tag="883" ind1="1" ind2=" ">
      <subfield code="8">7\p</subfield>
      <subfield code="a">npi</subfield>
      <subfield code="d">20210718</subfield>
      <subfield code="q">DE-101</subfield>
      <subfield code="u">https://d-nb.info/provenance/plan#npi</subfield>
    </datafield>
    <datafield tag="883" ind1="1" ind2=" ">
      <subfield code="8">8\p</subfield>
      <subfield code="a">npi</subfield>
      <subfield code="d">20210718</subfield>
      <subfield code="q">DE-101</subfield>
      <subfield code="u">https://d-nb.info/provenance/plan#npi</subfield>
    </datafield>
    <datafield tag="883" ind1="1" ind2=" ">
      <subfield code="8">9\p</subfield>
      <subfield code="a">npi</subfield>
      <subfield code="d">20210718</subfield>
      <subfield code="q">DE-101</subfield>
      <subfield code="u">https://d-nb.info/provenance/plan#npi</subfield>
    </datafield>
    <datafield tag="883" ind1="1" ind2=" ">
      <subfield code="8">10\p</subfield>
      <subfield code="a">npi</subfield>
      <subfield code="d">20210718</subfield>
      <subfield code="q">DE-101</subfield>
      <subfield code="u">https://d-nb.info/provenance/plan#npi</subfield>
    </datafield>
    <datafield tag="883" ind1="1" ind2=" ">
      <subfield code="8">11\p</subfield>
      <subfield code="a">npi</subfield>
      <subfield code="d">20210718</subfield>
      <subfield code="q">DE-101</subfield>
      <subfield code="u">https://d-nb.info/provenance/plan#npi</subfield>
    </datafield>
    <datafield tag="883" ind1="1" ind2=" ">
      <subfield code="8">12\p</subfield>
      <subfield code="a">npi</subfield>
      <subfield code="d">20210718</subfield>
      <subfield code="q">DE-101</subfield>
      <subfield code="u">https://d-nb.info/provenance/plan#npi</subfield>
    </datafield>
  </record></recordData><recordPosition>2</recordPosition></record>